%
%  An example of a bibliographical database for bibTeX
%
%  Recommended software for maintenance of *.bib files:
%    JabRef, http://jabref.sourceforge.net/
%
%  BEWARE:
%
%    *  If a name contains a capital letter, which must be kept such,
%       use curly brackets ({T}hailand, {HIV}).
%
%  ===========================================================================

@MISC{online:rustTypeInference,
	title = {{R}ust type inference},
	howpublished = {\url{https://doc.rust-lang.org/rust-by-example/types/inference.html}},
	note = "[Online; accessed 2023-09-22]"
}

@MISC{online:yHM,
	title = {{H}idley-{M}ilner type inference},
	howpublished = {\url{https://www.youtube.com/watch?v=B39eBvapmHY}},
	note = "[Online; accessed 2023-09-22]"
}

@MISC{online:wikiHM,
	title = {Hidley-Milner type system},
	howpublished = {\url{https://en.wikipedia.org/wiki/Hindley%E2%80%93Milner_type_system}},
	note = "[Online; accessed 2023-09-22]"
}

@MISC{online:langSpec,
	title = {{C}\# specification},
	howpublished = {\url{https://learn.microsoft.com/en-us/dotnet/csharp/language-reference/language-specification/readme}},
	note = "[Online; accessed 2023-09-22]"
}

@MISC{online:langRepo,
	title = {csharplang repository},
	howpublished = {\url{https://github.com/dotnet/csharplang}},
	note = "[Online; accessed 2023-09-22]"
}

@MISC{online:roslynRepo,
	title = {{R}oslyn repository},
	howpublished = {\url{https://github.com/dotnet/roslyn}},
	note = "[Online; accessed 2023-09-22]"
}

@MISC{online:cSharpTypeSystem,
	title = {{C}\# type system},
	howpublished = {\url{https://learn.microsoft.com/en-us/dotnet/csharp/fundamentals/types/}},
	note = "[Online; accessed 2023-09-22]"
}

