%
%  An example of a bibliographical database for bibTeX
%
%  Recommended software for maintenance of *.bib files:
%    JabRef, http://jabref.sourceforge.net/
%
%  BEWARE:
%
%    *  If a name contains a capital letter, which must be kept such,
%       use curly brackets ({T}hailand, {HIV}).
%
%  ===========================================================================

@MISC{online:rustTypeInference,
	key = {{R}ust type inference},
	howpublished = {\url{https://doc.rust-lang.org/rust-by-example/types/inference.html}},
	note = "[Online; accessed 2023-09-22]"
}

@MISC{online:yHM,
	key = {{H}indley-{M}ilner type inference},
	howpublished = {\url{https://www.youtube.com/watch?v=B39eBvapmHY}},
	note = "[Online; accessed 2023-09-22]"
}

@MISC{online:wikiHM,
	key = {{H}indley-{M}ilner type system},
	howpublished = {\url{https://en.wikipedia.org/wiki/Hindley%E2%80%93Milner_type_system}},
	note = "[Online; accessed 2023-09-22]"
}

@MISC{online:langSpec,
	key = {{C}\# specification},
	howpublished = {\url{https://learn.microsoft.com/en-us/dotnet/csharp/language-reference/language-specification/readme}},
	note = "[Online; accessed 2023-09-22]"
}

@MISC{online:proposalTemplate,
	key = {Proposal template},
	howpublished = {\url{https://github.com/dotnet/csharplang/blob/main/proposals/proposal-template.md}},
	note = "[Online; accessed 2023-09-30]"
}

@MISC{online:langRepo,
	key = {\textit{csharplang} repository},
	howpublished = {\url{https://github.com/dotnet/csharplang}},
	note = "[Online; accessed 2023-09-22]"
}

@MISC{online:roslynRepo,
	key = {{R}oslyn repository},
	howpublished = {\url{https://github.com/dotnet/roslyn}},
	note = "[Online; accessed 2023-09-22]"
}

@MISC{online:cSharpTypeSystem,
	key = {{C}\# data types},
	howpublished = {\url{https://www.tutorialsteacher.com/csharp/csharp-data-types}},
	note = "[Online; accessed 2023-09-22]"
}

@MISC{online:nullable,
	key = {{C}\# Nullable reference types},
	howpublished = {\url{https://learn.microsoft.com/en-us/dotnet/csharp/language-reference/builtin-types/nullable-reference-types}},
	note = "[Online; accessed 2023-10-8]"
}

@MISC{online:csHist,
	key = {{C}\# version history},
	howpublished = {\url{https://learn.microsoft.com/en-us/dotnet/csharp/whats-new/csharp-version-history}},
	note = "[Online; accessed 2023-10-8]"
}

@MISC{online:csTypeInference,
	key = {{C}\# type inference algorithm},
	howpublished = {\url{https://github.com/dotnet/csharpstandard/blob/draft-v8/standard/expressions.md}},
	note = "[Online; accessed 2023-10-14]"
}

@MISC{online:roslynArchitecture,
	key = {{R}oslyn architecture},
	howpublished = {\url{https://learn.microsoft.com/en-us/dotnet/csharp/roslyn-sdk/compiler-api-model}},
	note = "[Online; accessed 2023-10-21]"
}

@MISC{online:HMVideos,
	key = {Video series about {H}indley-{M}illner type inference},
	howpublished = {\url{https://www.youtube.com/@adam-jones/videos}},
	note = "[Online; accessed 2023-10-21]"
}

@MISC{paper:Parreaux,
        title = {The Simple Essence of Algebraic Subtyping: Principal Type Inference with Subtyping Made Easy},
        year = {2020},
        author = {{P}arreaux, {L}ionel},
        note = "[25th ACM SIGPLAN International Conference on Functional Programming - ICFP 2020]"
}

@MISC{paper:Overloading,
        title = {Adding overloading to {J}ava type inference},
        author = {{A}ndreas {S}tadelmeier and {M}artin {P}lumicke},
}

@MISC{online:discussions,
	key = {{C}\# language discussions},
	howpublished = {\url{https://github.com/dotnet/csharplang/discussions}},
	note = "[Online; accessed 2023-11-14]"
}

@MISC{online:champion,
	key = {{C}\# proposed champion},
	howpublished = {\url{https://github.com/dotnet/csharplang/issues/1349}},
	note = "[Online; accessed 2023-11-2]"
}

@MISC{online:DefTypeParam,
	key = {Default type parameters},
	howpublished = {\url{https://github.com/dotnet/csharplang/discussions/278}},
	note = "[Online; accessed 2023-11-4]"
}

@MISC{online:GenAlias,
	key = {Generic aliases},
	howpublished = {\url{https://github.com/dotnet/csharplang/issues/1239}},
	note = "[Online; accessed 2023-11-4]"
}

@MISC{online:NamedTypeParam,
	key = {Named type parameters},
	howpublished = {\url{https://github.com/dotnet/csharplang/discussions/280}},
	note = "[Online; accessed 2023-11-4]"
}

@MISC{online:RetTInference,
	key = {Return type inference},
	howpublished = {\url{https://github.com/dotnet/csharplang/discussions/92}},
	note = "[Online; accessed 2023-11-4]"
}

@MISC{online:TInfConst,
	key = {Type inference based on type constraints},
	howpublished = {\url{https://github.com/dotnet/roslyn/issues/5023}},
	note = "[Online; accessed 2023-11-4]"
}

@MISC{online:TMRetInf,
	key = {Type inference of method return type},
	howpublished = {\url{https://github.com/dotnet/csharplang/discussions/6452}},
	note = "[Online; accessed 2023-11-4]"
}

@MISC{online:Realloc,
	key = {Specifying type arguments in method calls (Reallocation)},
	howpublished = {\url{https://github.com/dotnet/roslyn/issues/8214}},
	note = "[Online; accessed 2023-11-4]"
}

@MISC{online:CtorTInf,
	key = {Constructor type inference},
	howpublished = {\url{https://github.com/dotnet/csharplang/discussions/281}},
	note = "[Online; accessed 2023-11-4]"
}

@MISC{online:rust,
	key = {Rust programming language},
	howpublished = {\url{https://en.wikipedia.org/wiki/Rust_(programming_language)}},
	note = "[Online; accessed 2023-11-12]"
}

@MISC{online:csharpTypeConst,
	key = {{C}\# type constraints},
	howpublished = {\url{https://learn.microsoft.com/en-us/dotnet/csharp/programming-guide/generics/constraints-on-type-parameters}},
	note = "[Online; accessed 2023-11-21]"
}

@MISC{online:breakingChange,
	key = {{C}\# type inference breaking change},
	howpublished = {\url{https://github.com/dotnet/roslyn/pull/7850}},
	note = "[Online; accessed 2023-12-3]"
}

@MISC{online:discard,
	key = {{C}\# discard patterns},
	howpublished = {\url{https://learn.microsoft.com/en-us/dotnet/csharp/fundamentals/functional/discards}},
	note = "[Online; accessed 2023-12-9]"
}

@MISC{online:kotlinCompiler,
	key = {Overview of {K}otlin compiler},
	howpublished = {\url{https://www.youtube.com/watch?v=db19VFLZqJM}},
	note = "[Online; accessed 2023-12-19]"
}

@MISC{online:personalRepo,
	key = {Personal repository},
	howpublished = {\url{https://github.com/TomatorCZ/master-thesis}},
	note = "[Online; accessed 2023-12-29]"
}

@MISC{online:personalPull,
	key = {Proposal pull request 1},
	howpublished = {\url{https://github.com/TomatorCZ/master-thesis/pull/1}},
	note = "[Online; accessed 2023-12-29]"
}

@MISC{online:discussion1,
	key = {Proposal discussion 1},
	howpublished = {\url{https://github.com/dotnet/csharplang/discussions/7286}},
	note = "[Online; accessed 2023-12-29]"
}

@MISC{online:discussion2,
	key = {Proposal discussion 2},
	howpublished = {\url{https://github.com/dotnet/csharplang/discussions/7467}},
	note = "[Online; accessed 2023-12-29]"
}

@MISC{online:pull2,
	key = {Proposal pull request 2},
	howpublished = {\url{https://github.com/dotnet/csharplang/pull/7582}},
	note = "[Online; accessed 2023-12-29]"
}

@MISC{online:roslynGuide,
	key = {Roslyn development guide},
	howpublished = {\url{https://github.com/dotnet/roslyn/blob/main/docs/contributing/Building%2C%20Debugging%2C%20and%20Testing%20on%20Windows.md}},
	note = "[Online; accessed 2023-11-28]"
}

@MISC{online:vs,
	key = {Visual Studio},
	howpublished = {\url{https://visualstudio.microsoft.com/vs/}},
	note = "[Online; accessed 2023-11-28]"
}

@MISC{online:vsCode,
	key = {Visual Studio Code},
	howpublished = {\url{https://code.visualstudio.com/}},
	note = "[Online; accessed 2023-11-28]"
}

@MISC{online:sdk,
	key = {.NET SDK},
	howpublished = {\url{https://dotnet.microsoft.com/en-us/download/dotnet/8.0}},
	note = "[Online; accessed 2023-11-28]"
}

@MISC{online:xUnit,
	key = {xUnit},
	howpublished = {\url{https://xunit.net/}},
	note = "[Online; accessed 2024-2-4]"
}

@MISC{online:mettingSummary,
	key = {LDM meeting summary},
	howpublished = {\url{https://github.com/dotnet/csharplang/blob/main/meetings/2024/LDM-2024-02-07.md}},
	note = "[Online; accessed 2024-2-16]"
}

@MISC{online:mettingSummaryDisc,
	key = {LDM meeting summary discussion},
	howpublished = {\url{https://github.com/dotnet/csharplang/discussions/7938}},
	note = "[Online; accessed 2024-2-16]"
}

@MISC{online:billionDolarMistake,
	key = {The billion dollar mistake},
	howpublished = {\url{https://medium.com/@PurpleGreenLemon/how-null-references-became-the-billion-dollar-mistake-bcf0c0cc72ef}},
	note = "[Online; accessed 2024-2-16]"
}

@MISC{online:roslynFork,
	key = {Roslyn fork},
	howpublished = {\url{https://github.com/TomatorCZ/roslyn/tree/final/PartialTypeInference}},
	note = "[Online; accessed 2024-2-23]"
}








